@book{walpole1993probability,
  title={{Probability and statistics for engineers and scientists}},
  author={Walpole, Ronald E and Myers, Raymond H},
  volume={5},
  year={1993},
  publisher={Prentice-Hall},
}

@book{Cachin:2011:IRS:1972495,
 author = {Cachin, Christian and Guerraoui, Rachid and Rodrigues, Lus},
 title = {{Introduction to Reliable and Secure Distributed Programming}},
 year = {2011},
 isbn = {3642152597, 9783642152597},
 edition = {2nd},
 publisher = {Springer Publishing Company, Incorporated},
}

@book{graham1994concrete,
  title={Concrete mathematics: a foundation for computer science},
  author={Graham, Ronald L},
  year={1994},
  publisher={Pearson Education India}
}
