@inproceedings{Canini:2012:NWT:2228298.2228312,
 author = {Canini, Marco and Venzano, Daniele and Pere\v{s}\'{\i}ni, Peter and Kosti\'{c}, Dejan and Rexford, Jennifer},
 title = {{A NICE Way to Test Openflow Applications}},
 booktitle = {{Proceedings of the 9th USENIX Conference on Networked Systems Design and Implementation}},
 series = {NSDI'12},
 year = {2012},
 location = {San Jose, CA},
 pages = {10--10},
 numpages = {1},
 url = {http://dl.acm.org/citation.cfm?id=2228298.2228312},
 acmid = {2228312},
 publisher = {USENIX Association},
 address = {Berkeley, CA, USA},
}

@misc{devera2002hierarchical,
  title = {{Hierarchical Token Bucket Theory}},
  author = {Devera, Martin},
  howpublished = "\url{http://luxik.cdi.cz/~devik/qos/htb/manual/theory.htm}",
  year = {2002},
  note = "[Online; accessed 2014--04--24]",
}
