@misc{openflow-1.0,
  title={{OpenFlow Switch Specification, Version 1.0.0 (Wire Protocol 0x01)}},
  author = {Open Networking Foundation},
  year={2009},
  howpublished = "\url{https://www.opennetworking.org/images/stories/downloads/sdn-resources/onf-specifications/openflow/openflow-spec-v1.0.0.pdf}",
}

@misc{openflow-1.0.1,
  title={{OpenFlow Switch Errata, Version 1.0.1}},
  author = {Open Networking Foundation},
  year={2012},
  howpublished = "\url{https://www.opennetworking.org/images/stories/downloads/sdn-resources/onf-specifications/openflow/openflow-spec-v1.0.1.pdf}",
}

@misc{openflow-1.0.2,
  title={{OpenFlow Switch Errata, Version 1.0.2}},
  author = {Open Networking Foundation},
  year={2013},
  howpublished = "\url{https://www.opennetworking.org/images/stories/downloads/sdn-resources/onf-specifications/openflow/openflow-spec-v1.0.2.pdf}",
}

@misc{openflow-1.1,
  title = {{OpenFlow Switch Specification, Version 1.1.0 (Wire Protocol 0x02)}},
  year = {2011},
  author = {Open Networking Foundation},
  howpublished = "\url{https://www.opennetworking.org/images/stories/downloads/sdn-resources/onf-specifications/openflow/openflow-spec-v1.1.0.pdf}",
}

@misc{openflow-1.2,
  title = {{OpenFlow Switch Specification, Version 1.2 (Wire Protocol 0x03)}},
  year = {2012},
  author = {Open Networking Foundation},
  howpublished = "\url{https://www.opennetworking.org/images/stories/downloads/sdn-resources/onf-specifications/openflow/openflow-spec-v1.2.pdf}",
}

@misc{openflow-1.3,
  title = {{OpenFlow Switch Specification, Version 1.3.0 (Wire Protocol 0x04)}},
  year = {2012},
  author = {Open Networking Foundation},
  howpublished = "\url{https://www.opennetworking.org/images/stories/downloads/sdn-resources/onf-specifications/openflow/openflow-spec-v1.3.0.pdf}",
}

@misc{openflow-1.4,
  title = {{OpenFlow Switch Specification, Version 1.4.0 (Wire Protocol 0x05)}},
  year = {2013},
  author = {Open Networking Foundation},
  howpublished = "\url{https://www.opennetworking.org/images/stories/downloads/sdn-resources/onf-specifications/openflow/openflow-spec-v1.4.0.pdf}",
}

@inproceedings{DBLP:conf/cnsm/PhemiusB13,
  author    = {Kevin Phemius and
               Mathieu Bouet},
  title     = {{Monitoring latency with OpenFlow}},
  booktitle = {CNSM},
  year      = {2013},
  pages     = {122-125},
  ee        = {http://dx.doi.org/10.1109/CNSM.2013.6727820},
  crossref  = {DBLP:conf/cnsm/2013},
  bibsource = {DBLP, http://dblp.uni-trier.de}
}
@proceedings{DBLP:conf/cnsm/2013,
  title     = {{Proceedings of the 9th International Conference on Network
               and Service Management, CNSM 2013, Zurich, Switzerland,
               October 14-18, 2013}},
  booktitle = {CNSM},
  publisher = {IEEE},
  year      = {2013},
  ee        = {http://ieeexplore.ieee.org/xpl/mostRecentIssue.jsp?punumber=6713382},
  bibsource = {DBLP, http://dblp.uni-trier.de}
}
