%%% These have been copied from the ACM digital library.

@article{Lamport:1998:PP:279227.279229,
 author = {Lamport, Leslie},
 title = {The Part-time Parliament},
 journal = {ACM Trans. Comput. Syst.},
 issue_date = {May 1998},
 volume = {16},
 number = {2},
 month = may,
 year = {1998},
 issn = {0734-2071},
 pages = {133--169},
 numpages = {37},
 url = {http://doi.acm.org/10.1145/279227.279229},
 doi = {10.1145/279227.279229},
 acmid = {279229},
 publisher = {ACM},
 address = {New York, NY, USA},
 keywords = {state machines, three-phase commit, voting},
}

%%% NOTE: NOT copied from dl.acm.org, so may be incorrectly referenced
@article{Lam01,
 author    = {Lamport, Leslie},
 title     = {Paxos made simple},
 journal   = {ACM SIGACT News 32},
 volume    = {16},
 month     = {December},
 year      = {2001},
 issn      = {0734-2071},
 pages     = {133--169},
 publisher = {ACM},
 address   = {New York, NY, USA},
}
