@article{McKeown:2008:OEI:1355734.1355746,
 author = {McKeown, Nick and Anderson, Tom and Balakrishnan, Hari and Parulkar, Guru and Peterson, Larry and Rexford, Jennifer and Shenker, Scott and Turner, Jonathan},
 title = {OpenFlow: Enabling Innovation in Campus Networks},
 journal = {SIGCOMM Comput. Commun. Rev.},
 issue_date = {April 2008},
 volume = {38},
 number = {2},
 month = mar,
 year = {2008},
 issn = {0146-4833},
 pages = {69--74},
 numpages = {6},
 url = {http://doi.acm.org/10.1145/1355734.1355746},
 doi = {10.1145/1355734.1355746},
 acmid = {1355746},
 publisher = {ACM},
 address = {New York, NY, USA},
 keywords = {ethernet switch, flow-based, virtualization},
}

@inproceedings{Koldehofe:2013:TES:2488222.2488270,
 author = {Koldehofe, Boris and D\"{u}rr, Frank and Tariq, Muhammad Adnan},
 title = {Tutorial: Event--based Systems Meet Software--defined Networking},
 booktitle = {Proceedings of the 7th ACM International Conference on Distributed Event--based Systems},
 series = {DEBS '13},
 year = {2013},
 isbn = {978-1-4503-1758-0},
 location = {Arlington, Texas, USA},
 pages = {271--280},
 numpages = {10},
 url = {http://doi.acm.org/10.1145/2488222.2488270},
 doi = {10.1145/2488222.2488270},
 acmid = {2488270},
 publisher = {ACM},
 address = {New York, NY, USA},
 keywords = {content-based routing, event-based systems, network virtualization, publish/subscribe, software-defined networking},
}

@inproceedings{Canini:2013:STN:2491185.2491200,
 author = {Canini, Marco and Kuznetsov, Petr and Levin, Dan and Schmid, Stefan},
 title = {Software Transactional Networking: Concurrent and Consistent Policy Composition},
 booktitle = {Proceedings of the Second ACM SIGCOMM Workshop on Hot Topics in Software Defined Networking},
 series = {HotSDN '13},
 year = {2013},
 isbn = {978-1-4503-2178-5},
 location = {Hong Kong, China},
 pages = {1--6},
 numpages = {6},
 url = {http://doi.acm.org/10.1145/2491185.2491200},
 doi = {10.1145/2491185.2491200},
 acmid = {2491200},
 publisher = {ACM},
 address = {New York, NY, USA},
 keywords = {control plane, network policy, software defined network},
}

@inproceedings{Kreutz:2013:TSD:2491185.2491199,
 author = {Kreutz, Diego and Ramos, Fernando M.V. and Verissimo, Paulo},
 title = {Towards Secure and Dependable Software--defined Networks},
 booktitle = {Proceedings of the Second ACM SIGCOMM Workshop on Hot Topics in Software Defined Networking},
 series = {HotSDN '13},
 year = {2013},
 isbn = {978-1-4503-2178-5},
 location = {Hong Kong, China},
 pages = {55--60},
 numpages = {6},
 url = {http://doi.acm.org/10.1145/2491185.2491199},
 doi = {10.1145/2491185.2491199},
 acmid = {2491199},
 publisher = {ACM},
 address = {New York, NY, USA},
 keywords = {controllers, dependability, sdn, security, threat vectors},
}

@article{Voellmy:2013:MSS:2534169.2486030,
 author = {Voellmy, Andreas and Wang, Junchang and Yang, Y Richard and Ford, Bryan and Hudak, Paul},
 title = {Maple: Simplifying SDN Programming Using Algorithmic Policies},
 journal = {SIGCOMM Comput. Commun. Rev.},
 issue_date = {October 2013},
 volume = {43},
 number = {4},
 month = aug,
 year = {2013},
 issn = {0146-4833},
 pages = {87--98},
 numpages = {12},
 url = {http://doi.acm.org/10.1145/2534169.2486030},
 doi = {10.1145/2534169.2486030},
 acmid = {2486030},
 publisher = {ACM},
 address = {New York, NY, USA},
 keywords = {algorithmic policies, openflow, software-defined networking},
}

@inproceedings{Voellmy:2013:MSS:2486001.2486030,
 author = {Voellmy, Andreas and Wang, Junchang and Yang, Y Richard and Ford, Bryan and Hudak, Paul},
 title = {Maple: Simplifying SDN Programming Using Algorithmic Policies},
 booktitle = {Proceedings of the ACM SIGCOMM 2013 Conference on SIGCOMM},
 series = {SIGCOMM '13},
 year = {2013},
 isbn = {978-1-4503-2056-6},
 location = {Hong Kong, China},
 pages = {87--98},
 numpages = {12},
 url = {http://doi.acm.org/10.1145/2486001.2486030},
 doi = {10.1145/2486001.2486030},
 acmid = {2486030},
 publisher = {ACM},
 address = {New York, NY, USA},
 keywords = {algorithmic policies, openflow, software-defined networking},
}

@inproceedings{Koponen:2010:ODC:1924943.1924968,
 author = {Koponen, Teemu and Casado, Martin and Gude, Natasha and Stribling, Jeremy and Poutievski, Leon and Zhu, Min and Ramanathan, Rajiv and Iwata, Yuichiro and Inoue, Hiroaki and Hama, Takayuki and Shenker, Scott},
 title = {Onix: A Distributed Control Platform for Large--scale Production Networks},
 booktitle = {Proceedings of the 9th USENIX Conference on Operating Systems Design and Implementation},
 series = {OSDI'10},
 year = {2010},
 location = {Vancouver, BC, Canada},
 pages = {1--6},
 numpages = {6},
 url = {http://dl.acm.org/citation.cfm?id=1924943.1924968},
 acmid = {1924968},
 publisher = {USENIX Association},
 address = {Berkeley, CA, USA},
}

@article{kobayashimaturing,
  title={Maturing of OpenFlow and Software Defined Networking through Deployments},
  author={Kobayashi, Masayoshi and Seetharaman, Srini and Parulkar, Guru and Appenzeller, Guido and Little, Joseph and van Reijendam, Johan and Weissmann, Paul and McKeown, Nick}
}

@misc{rexford2013languages,
  title={Languages for Software--Defined Networks},
  author={Rexford, Jennifer and Freedman, Michael J and Foster, Nate and Harrison, Rob and Monsanto, Christopher and Reitblatt, Mark and Guha, Arjun and Katta, Naga P and Reich, Joshua and Schlesinger, Cole},
  year={2013},
  publisher={PRINCETON UNIV NJ DEPT OF COMPUTER SCIENCE}
}

@inproceedings{Casado:2005:VNS:1047344.1047383,
 author = {Casado, Martin and McKeown, Nick},
 title = {The Virtual Network System},
 booktitle = {Proceedings of the 36th SIGCSE Technical Symposium on Computer Science Education},
 series = {SIGCSE '05},
 year = {2005},
 isbn = {1-58113-997-7},
 location = {St. Louis, Missouri, USA},
 pages = {76--80},
 numpages = {5},
 url = {http://doi.acm.org/10.1145/1047344.1047383},
 doi = {10.1145/1047344.1047383},
 acmid = {1047383},
 publisher = {ACM},
 address = {New York, NY, USA},
 keywords = {TCP, VNS, internet infrastructure, network simulation, router design},
}

@article{Casado:2005:VNS:1047124.1047383,
 author = {Casado, Martin and McKeown, Nick},
 title = {The Virtual Network System},
 journal = {SIGCSE Bull.},
 issue_date = {2005},
 volume = {37},
 number = {1},
 month = feb,
 year = {2005},
 issn = {0097-8418},
 pages = {76--80},
 numpages = {5},
 url = {http://doi.acm.org/10.1145/1047124.1047383},
 doi = {10.1145/1047124.1047383},
 acmid = {1047383},
 publisher = {ACM},
 address = {New York, NY, USA},
 keywords = {TCP, VNS, internet infrastructure, network simulation, router design},
}

@article{Casado:2007:ETC:1282427.1282382,
 author = {Casado, Martin and Freedman, Michael J. and Pettit, Justin and Luo, Jianying and McKeown, Nick and Shenker, Scott},
 title = {Ethane: Taking Control of the Enterprise},
 journal = {SIGCOMM Comput. Commun. Rev.},
 issue_date = {October 2007},
 volume = {37},
 number = {4},
 month = aug,
 year = {2007},
 issn = {0146-4833},
 pages = {1--12},
 numpages = {12},
 url = {http://doi.acm.org/10.1145/1282427.1282382},
 doi = {10.1145/1282427.1282382},
 acmid = {1282382},
 publisher = {ACM},
 address = {New York, NY, USA},
 keywords = {architecture, management, network, security},
}

@inproceedings{Casado:2006:SPA:1267336.1267346,
 author = {Casado, Martin and Garfinkel, Tal and Akella, Aditya and Freedman, Michael J. and Boneh, Dan and McKeown, Nick and Shenker, Scott},
 title = {SANE: A Protection Architecture for Enterprise Networks},
 booktitle = {Proceedings of the 15th Conference on USENIX Security Symposium - Volume 15},
 series = {USENIX-SS'06},
 year = {2006},
 location = {Vancouver, B.C., Canada},
 articleno = {10},
 url = {http://dl.acm.org/citation.cfm?id=1267336.1267346},
 acmid = {1267346},
 publisher = {USENIX Association},
 address = {Berkeley, CA, USA},
}

@article{Greenberg:2005:CSA:1096536.1096541,
 author = {Greenberg, Albert and Hjalmtysson, Gisli and Maltz, David A. and Myers, Andy and Rexford, Jennifer and Xie, Geoffrey and Yan, Hong and Zhan, Jibin and Zhang, Hui},
 title = {A Clean Slate 4D Approach to Network Control and Management},
 journal = {SIGCOMM Comput. Commun. Rev.},
 issue_date = {October 2005},
 volume = {35},
 number = {5},
 month = oct,
 year = {2005},
 issn = {0146-4833},
 pages = {41--54},
 numpages = {14},
 url = {http://doi.acm.org/10.1145/1096536.1096541},
 doi = {10.1145/1096536.1096541},
 acmid = {1096541},
 publisher = {ACM},
 address = {New York, NY, USA},
 keywords = {control, network management, robustness},
}

@inproceedings{crabbe2012sdn,
    title={SDN at Google: Opportunities for WAN Optimization},
      author={Crabbe, Edward and Valancius, Vytautas},
        booktitle={IETF84, IRTF meeting},
          year={2012}
}
