@misc{POX.1,
  author={McCauley, James},
  title={{POX}},
  year = {2011},
  url = {http://www.noxrepo.org/pox/about-pox/},
  howpublished = "\url{http://www.noxrepo.org/pox/about-pox/}",
  note = "[Online; accessed 2014--04--19]",
}

@article{Gude:2008:NTO:1384609.1384625,
 author = {Gude, Natasha and Koponen, Teemu and Pettit, Justin and Pfaff, Ben and Casado, Mart\'{\i}n and McKeown, Nick and Shenker, Scott},
 title = {{NOX: Towards an Operating System for Networks}},
 journal = {SIGCOMM Comput. Commun. Rev.},
 issue_date = {July 2008},
 volume = {38},
 number = {3},
 month = jul,
 year = {2008},
 issn = {0146-4833},
 pages = {105--110},
 numpages = {6},
 url = {http://doi.acm.org/10.1145/1384609.1384625},
 doi = {10.1145/1384609.1384625},
 acmid = {1384625},
 publisher = {ACM},
 address = {New York, NY, USA},
 keywords = {architecture, management, network, security},
}

@book{vanRossum:2009:PRM:1610526,
 author = {van Rossum, Guido and Drake, Fred L.},
 title = {{PYTHON 2.6 Reference Manual}},
 year = {2009},
 isbn = {1441419667, 9781441419668},
 publisher = {CreateSpace},
 address = {Paramount, CA},
}

@inproceedings{bowman2010j1,
  title={J1: a small Forth CPU Core for FPGAs},
  author={Bowman, James and Garage, Willow},
  booktitle={26th EuroForth Conference},
  pages={43},
  year={2010}
}

@misc{IEEE.802.3,
  title={{Standard for the transmission of IP datagrams over IEEE 802 networks}},
  author={Postel, Jon and Reynolds, Joyce K},
  year={1988},
  publisher={IETF},
  howpublished="\url{http://tools.ietf.org/html/rfc1042}",
  note="[Online; accessed 2014--04--20]",
}

@misc{github:ovs,
  title={{Open vSwitch GitHub Repository}},
  author={{The Open vSwitch Authors}},
  howpublished="\url{https://github.com/openvswitch/ovs}",
  note="[Online; accessed 2014--04--28]",
}

@misc{github:pox,
  title={{POX GitHub Repository}},
  author={{The POX Authors}},
  howpublished="\url{https://github.com/noxrepo/pox}",
  note="[Online; accessed 2014--04--28]",
}

@misc{github:mininet,
  title={{Mininet GitHub Repository}},
  author={{The Mininet Authors}},
  howpublished="\url{https://github.com/mininet/mininet}",
  note="[Online; accessed 2014--04--28]",
}

@misc{github:pox.tutorial,
  title={{POX OpenFlow Tutorial, L2 learning switch}},
  author={{The NOX and POX Authors}},
  howpublished="\url{https://github.com/noxrepo/pox/blob/4aa6e94051c56333e61ae3d2955aff83dfbef1ef/pox/misc/of_tutorial.py}",
  note="[Online; accessed 2014--04--30]",
}

@misc{ovs.bug,
  title={{High OpenFlow upcall RTTs introduced between 2.0 and 2.1?}},
  author={{Christian Stigen Larsen}},
  howpublished="\url{http://openvswitch.org/pipermail/discuss/2014-April/013786.html}",
  note="[Online; accessed 2014--05--02]",
}
