@misc{ngaro.vm.core,
  author = {Charles Childers},
  title = {{Retro Language}},
  year = {2008},
  howpublished = "\url{http://bazaar.launchpad.net/~crc-x/retro-language/retro/view/head:/vm/complete/retro.c}",
  note = "[Online; accessed 2014--04--19]",
}

@misc{amforth,
  title = {{AmForth}},
  author = {Matthias Trute},
  howpublished = "\url{http://amforth.sourceforge.net}",
  note = "[Online; accessed 2014--04--19]",
}
