%%% These have been copied from the ACM digital library.
%%% TODO: See if we can get hyperlinks as well using the embeded URLs.

%%% Paxos %%%

@article{Lamport:1998:PP:279227.279229,
 author = {Lamport, Leslie},
 title = {The Part-time Parliament},
 journal = {ACM Trans. Comput. Syst.},
 issue_date = {May 1998},
 volume = {16},
 number = {2},
 month = may,
 year = {1998},
 issn = {0734-2071},
 pages = {133--169},
 numpages = {37},
 url = {http://doi.acm.org/10.1145/279227.279229},
 note = {\url{http://doi.acm.org/10.1145/279227.279229}},
 doi = {10.1145/279227.279229},
 acmid = {279229},
 publisher = {ACM},
 address = {New York, NY, USA},
 keywords = {state machines, three-phase commit, voting},
}
